% references.bib
@article{LeCun1998,
  author  = {LeCun, Yann and Cortes, Corinna and Burges, Christopher J.C.},
  title   = {The MNIST Database of Handwritten Digits},
  year    = {1998},
  url     = {http://yann.lecun.com/exdb/mnist/},
}

@book{Jolliffe2016,
  title={Principal Component Analysis},
  author={Jolliffe, Ian T. and Cadima, Jorge},
  year={2016},
  publisher={Springer},
  edition={2nd}
}

@article{Hoerl1970,
  author  = {Hoerl, Arthur E. and Kennard, Robert W.},
  title   = {Ridge Regression: Biased Estimation for Nonorthogonal Problems},
  year    = {1970},
  journal = {Technometrics},
  volume  = {12},
  number  = {1},
  pages   = {55--67},
}

@article{Cover1967,
  author  = {Cover, Thomas and Hart, Peter},
  title   = {Nearest Neighbor Pattern Classification},
  year    = {1967},
  journal = {IEEE Transactions on Information Theory},
  volume  = {13},
  number  = {1},
  pages   = {21--27},
}

@article{Cortes1995,
  author  = {Cortes, Corinna and Vapnik, Vladimir},
  title   = {Support-Vector Networks},
  year    = {1995},
  journal = {Machine Learning},
  volume  = {20},
  number  = {3},
  pages   = {273--297},
}

@book{Hastie2009,
  title        = {The Elements of Statistical Learning: Data Mining, Inference, and Prediction},
  author       = {Hastie, Trevor and Tibshirani, Robert and Friedman, Jerome},
  publisher    = {Springer},
  edition      = {2},
  year         = {2009},
  address      = {New York, NY, USA}
}


