@book{oppenheim1999discrete,
  title={Discrete-Time Signal Processing},
  author={Oppenheim, Alan V and Schafer, Ronald W and Buck, John R},
  year={1999},
  publisher={Prentice Hall}
}

@book{bracewell1986fourier,
  title={The Fourier Transform and Its Applications},
  author={Bracewell, Ronald N},
  year={1986},
  publisher={McGraw-Hill}
}

@misc{numpy,
  author = "{NumPy Developers}",
  title = "{NumPy: Fundamental package for scientific computing in Python}",
  howpublished = "\url{https://numpy.org/}",
  year = {2025},
  note = "[Accessed: Jan. 26, 2025]"
}

@misc{matplotlib,
  author = "{Matplotlib Developers}",
  title = "{Matplotlib: Visualization with Python}",
  howpublished = "\url{https://matplotlib.org/}",
  year = {2025},
  note = "[Accessed: Jan. 26, 2025]"
}

@misc{plotly,
  author = "{Plotly Technologies Inc.}",
  title = "{Plotly: The interactive graphing library for Python}",
  howpublished = "\url{https://plotly.com/}",
  year = {2025},
  note = "[Accessed: Jan. 26, 2025]"
}
