@misc{wiki_frob,
  author = "{Wikipedia contributors}",
  title = "{Matrix norm --- Wikipedia, The Free Encyclopedia}",
  year = "2025",
  url = "https://en.wikipedia.org/wiki/Matrix_norm#Frobenius_norm"
}

@misc{numpy,
  author = "{NumPy Developers}",
  title = "{NumPy: Fundamental package for scientific computing in Python}",
  howpublished = "\url{https://numpy.org/}",
  year = {2025},
  note = "[Accessed: Jan. 26, 2025]"
}

@misc{matplotlib,
  author = "{Matplotlib Developers}",
  title = "{Matplotlib: Visualization with Python}",
  howpublished = "\url{https://matplotlib.org/}",
  year = {2025},
  note = "[Accessed: Jan. 26, 2025]"
}

@misc{plotly,
  author = "{Plotly Technologies Inc.}",
  title = "{Plotly: The interactive graphing library for Python}",
  howpublished = "\url{https://plotly.com/}",
  year = {2025},
  note = "[Accessed: Jan. 26, 2025]"
}
